@InCollection{fitting-basic,
  author = 	 {Melvin Fitting},
  title = 	 {Basic Modal Logic},
  booktitle = 	 {Handbook of Logic in Artificial Intelligence and
		  Logic Programming: Logical Foundations},
  publisher =	 {Oxford University Press},
  year =	 1993,
  editor =	 {D. Gabbay et al},
  volume =	 1,
  pages =	 {365-448}
}

@book{fitting-proof,
AUTHOR = "M. Fitting",
TITLE = "Proof Methods for Modal and Intuitionistic Logics",
VOLUME = "169",
SERIES = "Synthese Library",
PUBLISHER = "D. Reidel, Dordrecht, Holland",
YEAR = "1983"
}

@article{kripke-completeness,
AUTHOR = "Saul Kripke",
TITLE = "A Completeness Theorem in Modal Logic",
JOURNAL = "Journal of Symbolic Logic",
VOLUME = 24,
NUMBER = 1,
MONTH = "March",
YEAR = "1959",
PAGES = "1-14"
}

@article{beth-padoas,
TITLE = "On {Padoa's} method in the theory of definition",
AUTHOR = "E W Beth",
JOURNAL = "Indag. Math.",
VOLUME = 15,
YEAR = "1953",
PAGES = "330-339",
NOTES = "Dont have"
}

@InCollection{fitting-dual-tableau,
  author = 	 {Melvin Fitting},
  title = 	 {Tableaus and Dual Tableaus},
  booktitle = 	 {Ewa Orlowska Volume},
  OPTcrossref =  {},
  OPTkey = 	 {},
  OPTpublisher = {},
  year = 	 {2017},
  OPTeditor = 	 {},
  OPTvolume = 	 {},
  OPTnumber = 	 {},
  OPTseries = 	 {},
  OPTtype = 	 {},
  OPTchapter = 	 {},
  OPTpages = 	 {},
  OPTedition = 	 {},
  OPTmonth = 	 {},
  OPTaddress = 	 {},
  OPTnote = 	 {},
  OPTannote = 	 {}
}


@Book{orlowska-joanna-book,
  author = 	 {Ewa Orlowska and Joanna Goli{\'n}ska-Pilarek},
  title = 	 {Dual Tableaux: Foundations, Methodology, Case Studies},
  publisher = 	 {Springer},
  year = 	 2011,
  volume = 	 33,
  series = 	 {Trends in Logci}
  }

@InProceedings{dawson-gore-formalised-cut-admissibility,
  author =		 {Jeremy E. Dawson and Rajeev Gor{\'e}},
  title =		 {Formalised Cut Admissibility for Display Logic},
  booktitle =	 {TPHOLs02: Proceedings of the 15th International
                  Conference on Theorem Proving in Higher Order
                  Logics},
  pages =		 {131-147},
  year =		 2002,
  editor =		 {V. A Carreno and C. A. Munoz and S. Tahar},
  volume =		 {LNCS},
  number =		 2410,
  publisher =	 {Springer}
}

@inproceedings{DBLP:conf/lpar/DawsonG10,
  author    = {Jeremy E. Dawson and
               Rajeev Gor{\'{e}}},
  title     = {Generic Methods for Formalising Sequent Calculi Applied to Provability
               Logic},
  booktitle = {Logic for Programming, Artificial Intelligence, and Reasoning - 17th
               International Conference, LPAR-17, Yogyakarta, Indonesia, October
               10-15, 2010. Proceedings},
  pages     = {263--277},
  year      = {2010}
}

@inproceedings{DBLP:conf/tphol/Gordon08,
  author    = {Mike Gordon},
  title     = {Twenty Years of Theorem Proving for HOLs Past, Present and Future},
  booktitle = {Theorem Proving in Higher Order Logics, 21st International Conference,
               TPHOLs 2008, Montreal, Canada, August 18-21, 2008. Proceedings},
  pages     = {1--5},
  year      = {2008},
  crossref  = {DBLP:conf/tphol/2008},
  url       = {http://dx.doi.org/10.1007/978-3-540-71067-7_1},
  doi       = {10.1007/978-3-540-71067-7_1},
  timestamp = {Wed, 04 Jul 2012 11:13:38 +0200},
  biburl    = {http://dblp.uni-trier.de/rec/bib/conf/tphol/Gordon08},
  bibsource = {dblp computer science bibliography, http://dblp.org}
}

 @Article{scott-computable,
  author = 	 {Dana S Scott},
  title = 	 {A type-theoretical alternative to ISWIM, CUCH, OWHY},
  journal = 	 {Theoretical Computer Science},
  year = 	 {1993},
  OPTkey = 	 {},
  OPTvolume = 	 {121},
  OPTnumber = 	 {},
  OPTpages = 	 {411â€“440},
  OPTmonth = 	 {},
  OPTnote = 	 {},
  OPTannote = 	 {Annotated version of the 1969 manuscript}
}






